3578 4350
161 1199 225 1327 In
255 1244 300 1318 iis
334 1266 431 1342 qnae
465 1265 586 1342 nuper
624 1241 907 1342 indicendorum
939 1248 1197 1346 angustissimi
1230 1239 1412 1325 Electoris
1454 1255 1630 1353 natalium

160 1421 271 1474 causa
300 1397 350 1475 de
382 1383 544 1501 vestigiis
574 1402 822 1477 institutorum
856 1417 1042 1494 veterum,
1082 1405 1265 1502 imprimis
1295 1407 1523 1502 Atticorum,
1564 1435 1632 1508 per

158 1549 322 1627 Platonis
345 1548 395 1627 de
416 1551 581 1652 Legibus
600 1545 734 1631 libros
762 1550 986 1653 indagandis
1015 1553 1304 1655 disputavimus,
1345 1571 1381 1628 et
1412 1557 1484 1632 alia
1518 1559 1662 1661 multa¹

159 1705 267 1803 spatii
290 1707 544 1804 temporisque
568 1708 746 1804 angustiis
770 1709 887 1781 coacti
912 1723 974 1781 aut
999 1706 1224 1808 negleximus
1248 1721 1311 1781 aut
1335 1707 1464 1782 leviter
1488 1700 1630 1817 tantam

160 1871 273 1955 atque
294 1859 334 1931 iu
358 1871 571 1932 transcursu
595 1857 793 1954 attigimus,
817 1881 894 1954 quo
918 1856 1007 1931 olim
1034 1854 1190 1933 fortasse
1214 1860 1357 1958 majore
1381 1861 1457 1934 otio
1481 1875 1518 1933 et
1541 1887 1631 1937 cura

158 2007 282 2082 redire
304 2007 450 2102 licebit3
476 2011 733 2107 gravissimum
759 2011 1053 2102 antoniacum,
1078 2013 1143 2109 qai
1169 2023 1223 2082 est
1248 2007 1295 2082 de
1319 2011 1402 2107 jure
1426 2008 1630 2088 domestico

158 2175 194 2232 et
224 2158 417 2252 familiari,
440 2162 489 2234 ita
515 2152 744 2254 distulimus,
787 2175 834 2247 ,ut
865 2163 1049 2260 integrum
1074 2156 1294 2260 propediem
1320 2185 1389 2234 nos
1413 2148 1630 2239 tractaturos

157 2335 238 2388 esse
270 2298 543 2412 polliceremur.
600 2313 853 2412 sperabamus
884 2316 984 2387 enim
1019 2313 1118 2407 fore,
1154 2329 1206 2406 ‚ut
1237 2312 1312 2389 hoc
1345 2337 1499 2412 quoque
1530 2340 1628 2390 anno

156 2465 386 2540 Serenissimi
415 2466 614 2564 Principis,
655 2465 719 2543 cui
751 2464 800 2538 ab
834 2465 1104 2564 Angustissimo
1135 2467 1242 2538 Patre
1273 2465 1420 2564 imperii
1457 2463 1629 2540 habenae

157 2615 375 2691 commissae
399 2631 495 2709 sunt,
518 2617 660 2693 natales
686 2615 812 2691 debita
837 2641 924 2690 cum
943 2614 1187 2715 gratulatione
1202 2591 1247 2689 ac
1263 2602 1398 2714 pietate
1415 2613 1630 2689 celebrandi

156 2766 335 2859 redirent3
362 2792 482 2868 quem¹
499 2793 616 2866 quum
640 2743 766 2843 Divini
789 2769 957 2843 Numinis
984 2767 1176 2841 clementia
1201 2761 1249 2838 ad
1273 2762 1510 2863 hunnosque
1527 2765 1626 2842 diem

157 2919 300 2994 salvum
337 2921 590 3018 sospitemque
621 2918 749 2994 videre
782 2903 994 3021 contigerit,
1032 2921 1254 2998 faustissima
1289 2920 1482 2992 occasione
1516 2918 1628 2994 adid

160 3069 264 3170 quod
293 3072 534 3169 promisimus
569 3069 859 3170 persolvendum
893 3074 945 3144 uti
976 3096 1052 3145 non
1085 3069 1381 3145 detrectabimus.
1444 3071 1626 3163 Quoniam

157 3237 279 3296 autem
304 3224 343 3295 in
367 3222 545 3321 singulari
567 3220 643 3304 hoc
667 3236 884 3321 argumento
908 3222 1017 3297 latius
1048 3218 1243 3320 exspatiari
1274 3221 1377 3313 licet,
1408 3245 1484 3294 non
1517 3224 1555 3292 ia
1582 3246 1627 3295 eo

155 3370 267 3444 modo
294 3373 545 3464 consistemus,
571 3387 612 3444 ut
635 3372 698 3470 jus
721 3372 880 3444 Atticum
905 3371 1119 3458 err-Platone
1133 3369 1368 3463 illustremus,
1391 3370 1460 3444 sed
1474 3373 1626 3444 omnino

154 3521 314 3596 Platonis
338 3521 451 3621 leges,
477 3522 574 3621 quae
598 3520 750 3622 quidem
778 3520 826 3596 ad
851 3519 1009 3596 familias
1030 3518 1212 3619 regendas
1237 3537 1274 3595 et
1296 3524 1566 3598 successionem
1586 3524 1625 3593 in

155 3673 257 3744 bona
282 3670 540 3746 defunctorum
565 3676 760 3772 pertinent,
786 3676 972 3746 succincta
996 3674 1226 3745 enarratione
1245 3669 1623 3772 comprehendemus;

157 3848 233 3920 quo
259 3821 355 3896 facto
380 3825 490 3897 etiam
516 3824 787 3900 similitudines
809 3852 927 3924 aeque
961 3849 1005 3898 ao
1038 3822 1267 3914 discrimina,
1312 3821 1515 3920 quasillis
1539 3848 1622 3898 cum

155 3950 310 4073 reliquis
336 3977 467 4052 veteris
492 3971 670 4052 Graeciae
695 3980 864 4054 institutis
888 3975 1136 4081 intercedant,
1161 3989 1293 4075 sponte
1317 3997 1383 4051 sua
1410 3971 1623 4075 prodibunt.

1217 4095 1282 4182 a*
1371 4123 1374 4127 ·
