3578 4350
857 279 938 375 31.

160 537 243 627 sint,
269 532 372 607 nullo
398 547 507 631 pacto
534 531 583 606 ad
607 528 847 604 hereditatem
867 530 1042 604 accedere
1058 537 1208 632 possint.
1259 537 1407 636 Quippe
1427 551 1461 609 et
1486 535 1630 611 Solonis

124 649 126 654 Ι
160 688 198 757 in
222 685 304 783 lege
330 699 456 782 aperte
480 681 659 781 legimus:
705 677 760 744 {ab
789 677 826 744 δὲ
855 676 1083 770 μηδετέρωθεν
1106 670 1127 770 ἦ
1149 679 1244 754 ἐντὸς
1265 681 1420 762 τούτων,
1463 683 1520 754 τὸν
1543 680 1629 771 rods

159 831 289 924 πατρὸς
314 829 490 918 ἐγγυτάτω
515 827 629 921 κύριον
654 821 746 907 εἶναι,
778 846 813 904 et
838 830 1085 931 philosophus
1109 837 1278 909 universe
1304 837 1425 914 addit:
1464 831 1629 907 ιδςαύτινς

160 982 194 1050 δὲ
220 983 260 1052 νδ
284 983 382 1067 γένος
403 977 452 1049 dei
474 979 670 1070 πορευέσθω
694 978 770 1046 κατ’
790 979 1009 1067 ἀγχιστείαν,
1027 980 1081 1046 ’δι’
1102 981 1261 1067 ἀδελφῶν
1288 1011 1327 1053 rs
1354 989 1409 1053 uei
1439 983 1628 1069 ἀδελφιδῶν

159 1117 312 1187 ἑπανιὸντ
334 1119 437 1219 quod
461 1121 491 1193 si
516 1146 629 1219 quam
656 1122 732 1192 rim
758 1121 795 1190 in
821 1123 1051 1194 successione
1065 1119 1197 1194 habuit
1218 1120 1400 1207 ἀγχιστεία
1421 1124 1495 1215 illa,
1512 1147 1627 1221 quam

158 1274 327 1372 superius
351 1271 598 1346 intelleximus
623 1272 716 1344 intra
740 1268 1048 1344 consobrinorum
1083 1273 1194 1346 filios
1217 1277 1433 1376 consistere,
1475 1239 1628 1347 Athenis

160 1423 311 1522 quidem
331 1450 374 1496 ca
392 1439 481 1516 erat,
500 1439 538 1499 ut
555 1419 603 1495 ed
620 1420 720 1494 huuc
738 1447 855 1520 usque
872 1419 1028 1520 gradum
1049 1427 1172 1521 agnati
1188 1442 1364 1524 cognatos
1382 1425 1628 1516 excluderent,

158 1575 418 1648 remotioribus
443 1590 564 1647 nutem
592 1574 733 1673 agnatis
758 1574 954 1671 propiores
982 1577 1128 1672 cognati
1154 1575 1425 1670 antecederent,
1449 1595 1561 1676 atque
1576 1580 1627 1651 ita

159 1726 319 1820 demum,
344 1728 410 1802 ubi
428 1753 497 1803 nec
524 1727 594 1802 boc
619 1753 663 1800 cx
687 1748 821 1824 genere
843 1705 1040 1826 quisquam
1065 1745 1235 1820 exstaret,
1260 1728 1308 1800 ad
1329 1729 1414 1802 illos
1439 1691 1639 1802 hereditas

78 1897 80 1900 ’
158 1876 491 1973 reverteretur1⁰⁶);
533 1877 636 1978 apud
661 1878 852 1950 Platonem
879 1892 1021 1970 autem,
1058 1903 1168 1977 quem
1203 1879 1333 1952 fratres
1369 1883 1530 1952 uterinos
1564 1879 1624 1952 rel

155 2057 416 2131 germanorum
450 2031 537 2107 filiis
568 2030 757 2131 praeferre
791 2028 972 2118 uidimus,
1017 2027 1248 2132 ἀνεψιότητος
1274 2034 1328 2104 vis
1355 2032 1460 2104 iniis
1484 2045 1624 2132 tantum

156 2189 335 2277 cernitur,
367 2211 464 2284 quae
490 2183 536 2258 ad
560 2184 790 2280 cognitiones
818 2180 1039 2254 domesticas
1068 2197 1178 2280 atque
1204 2184 1274 2256 alia
1299 2183 1518 2257 familiarum
1540 2184 1623 2280 jura
1677 2261 1679 2268 ,

156 2341 300 2434 (cluet.
316 2339 378 2434 90)
402 2320 597 2436 pertinent,
621 2356 742 2430 neque
759 2332 829 2404 alia
854 2331 900 2403 de
921 2356 1031 2404 causa
1052 2359 1114 2405 sex
1134 2325 1431 2437 tantumgradus
1451 2333 1624 2431 descrip-

117 2553 127 2560 .
156 2494 245 2565 sisse
264 2487 477 2582 censendus
502 2504 575 2578 est,
600 2489 669 2560 uisi
696 2491 783 2586 quia
808 2487 878 2562 lros
904 2486 1091 2587 plerisque
1108 2490 1255 2564 casibus
1276 2490 1445 2564 sulficere
1464 2487 1624 2562 arbitra·
1686 2503 1690 2510 ’

158 2892 259 2966 Atticis
276 2891 372 2945 fucum
390 2886 458 2941 lecit
476 2885 503 2939 iu
524 2871 674 2939 Lelrrbuclr
693 2885 739 2940 cit.
760 2887 783 2954 §.
802 2885 862 2952 12¹1,
882 2905 907 2942 n.
927 2887 961 2954 ὃς
978 2905 1050 2942 nunc
1066 2889 1178 2944 demum
1196 2891 1353 2945 accuratius
1372 2909 1403 2943 rc
1422 2891 1624 2960 pcrpondernta

157 2983 367 3056 milriperruusi
386 2989 528 3036 oratorem
547 2981 608 3035 illic
627 2980 743 3052 egregio
762 2983 908 3048 unvillari,
935 2983 1090 3052 mirorque⁴
1104 2984 1325 3050 Schdnrannum,
1353 2988 1403 3054 qui
1425 2986 1544 3040 aslutias
1564 2987 1623 3050 ejus

156 3087 362 3149 verborumque
380 3081 474 3132 lusum
492 3077 519 3130 iu
538 3075 648 3140 ἀνεψιῶν
666 3078 766 3130 παίδων
784 3077 893 3131 nornine
913 3086 995 3133 uculo
1013 3080 1134 3144 detexit,
1171 3088 1265 3135 tumen
1291 3090 1320 3136 ct
1339 3081 1429 3151 ipsum
1448 3101 1474 3151 p.
1492 3082 1543 3133 452
1560 3083 1628 3147 jore

159 3183 257 3236 vicisse
275 3179 352 3231 illius
371 3174 501 3243 clientem
523 3159 736 3244 Theopomlrum
754 3177 937 3243 contenderc3
956 3194 1020 3229 num
1038 3177 1063 3229 si
1081 3178 1154 3247 legis
1171 3177 1310 3231 sententia
1326 3195 1380 3230 nou
1399 3196 1432 3231 en
1444 3186 1515 3238 crat,
1535 3187 1564 3229 ut
1577 3178 1624 3241 jus

127 3278 132 3285 '
157 3272 320 3332 succedendi
345 3269 521 3324 sobrinarum
539 3269 568 3322 in
586 3271 676 3341 gradu
692 3269 747 3322 lroc
764 3277 806 3324 est
825 3279 902 3324 sesto
920 3272 1087 3336 sisteretur,
1121 3274 1170 3325 sed
1189 3274 1223 3325 orl
1244 3272 1372 3340 quintum
1391 3273 1483 3341 polius
1505 3273 1622 3341 pertine-

157 3377 217 3437 bat,
236 3375 285 3424 uut
303 3366 501 3435 Theopompus
526 3365 584 3434 ipsc
601 3373 734 3433 tauquam
752 3367 881 3419 sobrinus
910 3367 1119 3431 excludebatur,
1143 3376 1192 3421 aut
1212 3367 1286 3419 idem
1307 3369 1355 3433 jus
1380 3368 1545 3426 Stratoclia,
1578 3367 1623 3432 qui

156 3468 262 3539 pariter
286 3479 348 3516 cum
373 3463 432 3530 ipso
458 3461 588 3514 sobrinus
611 3462 724 3524 luisset,
750 3461 810 3514 lilio
832 3463 1026 3530 consputebat3
1053 3464 1126 3530 quud
1145 3462 1219 3514 enim
1238 3464 1337 3517 leucus
1355 3464 1531 3517 sobrinarum
1550 3463 1621 3514 filius

156 3561 314 3620 heredilele
332 3554 423 3611 arceri
440 3555 491 3621 ait,
511 3555 582 3609 lrncc
600 3557 670 3626 ipsu,
688 3557 795 3626 opinor,
814 3557 965 3631 cavillatio,
976 3566 1029 3612 est.
1545 3629 1547 3633 ¹

223 3651 289 3724 106)
307 3651 430 3724 Egregie
446 3651 500 3704 lruc
517 3654 800 3731 coutralssunscuiunr
820 3655 947 3723 aliosque
965 3654 1106 3724 expedivit
1126 3654 1245 3708 Gausius
1263 3655 1281 3707 l.
1300 3656 1321 3706 l.
1337 3675 1361 3723 p.
1380 3655 1431 3707 :tut
1449 3672 1509 3727 sqq,
1524 3653 1621 3724 bisque

156 3753 250 3810 verbis
267 3771 298 3821 p.
315 3749 367 3802 382
385 3747 611 3816 comprehcndit:
644 3738 694 3802 dus
716 3753 849 3803 Erdreclrt
869 3754 916 3804 der
939 3753 1102 3804 veltcrliclrcrr
1122 3752 1296 3802 lermandtcn
1315 3751 1402 3801 brielrt
1427 3729 1477 3809 ob,
1508 3730 1553 3799 aar
1574 3752 1620 3801 den

154 3848 338 3904 auritterlielreu
361 3843 535 3897 Verecundteu
549 3845 629 3896 Ptarz
648 3863 683 3897 zo
697 3847 809 3899 araeden
827 3849 887 3899 aad
900 3848 1015 3899 olsdurm
1034 3847 1128 3900 wieder
1145 3864 1196 3898 zur
1210 3846 1372 3921 eritcrlr'clrcn
1390 3845 1620 3910 l'crumndtsclmst

65 3971 68 3974 ⁴
156 3940 394 3998 zut'riclrzulelrren
409 3974 416 3991 .
431 3977 438 3992 .
453 3975 461 3993 .
478 3938 539 3991 ruct'l
554 3939 618 3992 uber
633 3939 682 3990 dos
698 3941 815 3992 uttisclrc
835 3943 968 3994 merente
992 3942 1132 3994 iuncrlrald
1154 3940 1312 3992 bestimmtcr
1329 3940 1417 3992 Grude
1434 3940 1573 3999 uldricltt,
1593 3957 1622 3991 se

154 4056 225 4094 sauss
239 4024 311 4088 edelr
325 4034 372 4086 der
388 4032 499 4105 Vorzug
512 4034 560 4086 der
578 4034 718 4102 sgnution
732 4035 821 4088 durch
837 4037 887 4090 dns
902 4037 1000 4091 bibere
1014 4038 1109 4090 Geretr
1124 4037 1208 4089 ‹ttesrs
1219 4033 1386 4087 Abdrcclrrns
1404 4034 1516 4103 bediugt
1527 4050 1597 4102 crya.
