3578 4350
784 194 1005 329 A

159 444 338 550 potestate
370 467 451 522 esse
483 442 613 545 jubet,
647 462 760 542 quern
792 440 957 517 eundem·
984 443 1137 525 Athenis
1162 449 1262 528 illius
1283 456 1439 532 actionis
1462 457 1637 538 effectum

160 601 274 695 fuisse
288 614 324 673 et
339 613 445 676 vetus
462 596 958 698 grammatici‘testimonium
976 592 1025 667 51)
1050 615 1085 673 ct
1111 601 1269 678 Romani
1291 608 1387 707 juris
1404 615 1639 718 comparatio
1669 652 1678 671 ·

159 752 288 830 suadet
305 747 375 843 ⁵²);
401 751 584 823 furentem
611 761 708 821 certe
736 748 795 822 vel
818 749 858 819 in
882 749 1035 825 vincula*
1057 755 1194 853 conjici
1217 755 1365 833 licuisse
1398 757 1557 862 legimus
1572 760 1634 857 55),
1666 748 1677 821 ''-

159 904 263 1006 quod
296 929 414 1004 quum
445 902 549 975 Plato
581 902 804 1001 propinquis
828 903 937 974 etiarn
963 902 1143 978 concedat
1166 906 1337 1010 adeoque
1366 912 1503 990 mulcta
1533 943 1634 1017 pro-

158 1060 279 1158 posita
311 1058 482 1155 injungat
498 1061 565 1148 et),
600 1051 686 1128 vide
719 1076 766 1124 ne
798 1050 861 1126 illa
888 1078 1040 1154 quoque
1061 1053 1121 1128 lex
1144 1057 1297 1135 Athenis
1321 1066 1478 1140 Romam
1504 1083 1632 1146 trans·

125 1274 132 1283 .
158 1205 306 1282 ierit)
257 1201 323 1300 55),
354 1231 469 1306 quae,
510 1207 542 1279 si
567 1193 651 1303 quis
676 1202 839 1277 furiosus
863 1218 977 1294 esset,
1013 1208 1155 1305 agnatis
1179 1213 1489 1342 gentilibusque
1478 1246 1517 1293 m
1544 1247 1632 1297 eum

158 1364 430 1462 pecuniamque
456 1361 538 1458 ejus
562 1373 780 1459 potestatem
797 1355 910 1431 dedit.
942 1358 1077 1432 Filium
1095 1377 1232 1456 autem,
1258 1367 1321 1463 qui
1341 1367 1530 1467 pietatem
1540 1397 1634 1472 erga

159 1533 329 1618 parentes
354 1515 544 1606 uiolasset,
586 1517 648 1588 vix
673 1511 822 1587 decerni
847 1528 968 1613 potest
993 1529 1113 1588 utrum
1147 1489 1396 1617 philosophus
1431 1546 1479 1595 au
1509 1520 1630 1600 athe-

158 1671 338 1744 niensium
372 1664 561 1767 legislator
593 1666 737 1762 majore
763 1689 847 1738 cum
879 1663 1078 1740 acerbitate
1109 1682 1326 1766 persecutus
1350 1664 1416 1764 sil3
1466 1698 1629 1772 quorum

158 1822 249 1895 alter
274 1821 402 1919 capitis
429 1816 673 1889 diminutione
697 1817 834 1915 impios
859 1817 1004 1915 punivit
1022 1813 1090 1910 ⁵⁶),
1121 1817 1233 1914 alter,
1264 1823 1332 1919 qui
1363 1816 1498 1908 ἅτιμῖαν
1533 1828 1630 1925 juris

157 1974 265 2045 Attici
291 1995 369 2073 non
392 1965 564 2060 adscivit,
596 1993 757 2067 poenam
783 1969 939 2046 arbitrio
963 1969 1132 2071 judicum
1156 1977 1343 2077 permisit,
1376 1974 1443 2051 sed
1462 1957 1510 2052 'ut
1533 1977 1630 2054 nihil

159 2125 332 2224 supplicii
358 2121 725 2224 praetermittendum
751 2149 832 2200 esse
858 2125 1035 2217 adderet,
1084 2125 1189 2229 quod
1221 2126 1375 2226 quidem
1405 2132 1484 2231 pati
1512 2122 1630 2227 horno

159 2393 596 2416 W

224 2586 274 2656 51)
290 2585 323 2639 ln
342 2582 462 2638 Belleri
481 2582 603 2638 Aneedd.
624 2583 658 2639 Τ.
675 2585 700 2652 l,
720 2604 747 2656 p.
763 2585 825 2642 010.
843 2584 871 2654 8,
897 2585 947 2656 qni
964 2585 1039 2656 qnod
1056 2586 1198 2661 παρανοίας
1212 2587 1374 2645 ἐπιδικασίαν
1392 2569 1628 2681 ιρροο30.’,ιιιίοῐ

156 2703 235 2740 secus
253 2701 286 2737 ao
304 2680 412 2736 Meiero
437 2699 466 2750 p.
484 2681 536 2734 200
554 2681 623 2734 satis
641 2689 772 2738 accurate
792 2681 872 2751 loqui
890 2682 1025 2750 ridetur,
1049 2682 1140 2752 petris
1166 2678 1256 2751 eninr,
1288 2683 1336 2752 qui
1361 2701 1445 2756 eausa
1470 2684 1629 2754 cecidisset,

156 2787 230 2838 bona
247 2778 307 2833 lilio
324 2775 427 2831 victori
446 2776 698 2842 adjudicabantur,
720 2783 752 2831 ut
777 2794 810 2830 ex
837 2779 956 2832 Platone
981 2795 1092 2849 quoqne
1118 2779 1290 2849 apparetai
1315 2780 1344 2834 dl
1370 2781 1452 2851 ipius
1472 2778 1520 2833 eoi
1536 2773 1628 2855 mmo?

155 2887 246 2954 χρόνον
267 2877 357 2948 ἄκυρος
380 2875 446 2927 ἔστω
469 2873 521 2925 τῶν
540 2871 620 2925 αὑτοῦ
637 2874 679 2924 καὶ
696 2874 725 2925 τὸ
744 2877 909 2945 σμικρότατον
927 2876 1107 2938 διατίθεσθαι,
1124 2876 1248 2950 καθάπερ.
1262 2886 1325 2936 παῖς
1343 2876 1373 2929 dl
1390 2879 1486 2930 statvo
1504 2877 1550 2930 'tls
1567 2880 1628 2933 issi-

156 2979 243 3028 λοιπον
260 2977 333 3038 (tlara
367 2970 401 3021 cf.
421 2968 496 3022 Gaas
514 2969 533 3022 l.
551 2969 619 3045 tp.
635 2967 873 3045 32431publicam
890 2975 986 3024 eutem
1003 2971 1140 3025 actionem
1158 2969 1246 3026 fuisse
1265 2988 1319 3024 non
1336 2969 1467 3042 intelligo
1486 2974 1626 3041 quomado

156 3063 222 3124 ltine
239 3066 364 3120 Meierus
381 3063 517 3134 colligere
536 3063 590 3116 silti
607 3062 685 3129 vrisus
701 3062 749 3118 sit.

224 3161 272 3229 02)
291 3160 388 3234 Cicero
407 3159 441 3212 de
459 3158 573 3237 Sonent.
591 3178 617 3221 c.
635 3162 667 3215 t:
696 3179 714 3214 ts
733 3160 803 3230 filiis
828 3159 858 3213 io
876 3159 1015 3228 judicium
1032 3167 1144 3215 vocatus
1160 3169 1210 3224 est,
1237 3167 1278 3224 ast,
1295 3154 1515 3230 quemadmodem
1531 3171 1626 3220 aestro

156 3279 226 3316 more
244 3259 313 3311 mole
330 3258 556 3325 rem'gerentidsss
571 3257 696 3325 patribus
714 3256 788 3309 benis
806 3257 933 3312 interdici
947 3258 1023 3321 solet,
1040 3259 1081 3313 sis
1100 3260 1174 3312 illum
1190 3257 1271 3327 poesi
1281 3255 1451 3326 desipientem
1465 3265 1485 3311 st
1499 3262 1625 3328 assuati-

154 3357 219 3413 liors'
235 3359 396 3408 removerent
404 3353 521 3417 jndices.

222 3451 270 3516 53)
289 3449 331 3501 ct.
348 3446 475 3517 chnplr.
494 3447 579 3502 Mem.
598 3444 715 3510 Soram!
734 3445 761 3499 2.
778 3446 820 3503 00.

223 3550 270 3614 at)
291 3543 450 3616 1033001,
470 3561 497 3612 p
517 3543 620 3598 tatu.

223 3645 269 3709 55)
291 3628 373 3712 Apud
393 3637 450 3690 cte.
470 3638 633 3696 deiurant.
652 3638 692 3702 ll,
711 3635 763 3704 50,
790 3637 824 3691 el.
843 3595 983 3693 llirllscn's
1001 3637 1103 3692 Zwoli
1107 3635 1203 3691 Tulei
1205 3627 1424 3707 Fragmentep
1442 3634 1496 3693 000
1511 3654 1574 3711 sqq
1592 3647 1623 3697 ct

156 3740 299 3800 Heineceii
320 3730 519 3804 Syntugmnl.
538 3733 582 3800 23,
601 3734 629 3797 2,
648 3752 673 3803 p.
691 3734 744 3788 224
761 3752 803 3804 sq.

227 3836 276 3902 ati)
301 3834 420 3899 Praeter
437 3827 578 3882 Meierum
597 3829 729 3882 debonis
749 3829 838 3884 damn.
857 3849 885 3900 p.
902 3830 955 3885 let
973 3830 1007 3882 cf.
1025 3828 1089 3883 dani
1112 3829 1169 3881 Pan
1187 3827 1251 3883 diss.
1269 3829 1303 3881 de
1323 3826 1398 3899 grati
1418 3827 1504 3881 animi
1522 3814 1631 3909 ciliciis¹

155 3928 386 4006 ingratorumque
403 3942 492 3995 poena
506 3925 572 3994 jure
590 3924 685 3989 Attico
702 3931 732 3980 et
749 3926 877 3983 Romano
892 3924 963 3997 pta
978 3942 1040 3995 sqq.
1060 3932 1089 3980 et
1109 3927 1249 3999 helpreld
1267 3925 1301 3978 do
1320 3922 1437 3978 infamia
1453 3924 1542 3994 ΝΜ
1557 3928 1627 4015 sqqf‘
