3578 4350
787 229 1005 363 *aa*

159 480 327 560 eseluses
352 483 465 558 fnisse
483 479 571 576 ¹⁰²),
596 506 713 580 quum
737 480 871 552 rationi
895 478 990 580 legis
1008 494 1207 579 repugnat,
1231 496 1308 556 tum
1334 483 1441 563 claris
1464 483 1629 565 'veterum

158 639 248 711 locis
274 608 458 708 refutatur
469 625 548 711 lte),
595 629 793 706 Difficilior
818 631 880 705 illa
906 602 1075 730 quaestio
1100 649 1176 726 est,
1209 633 1301 733 quid
1328 640 1374 711 sit
1397 610 1502 738 eund
1526 643 1629 717 Plato

157 805 195 860 et
218 787 281 860 hic
307 800 342 858 et
365 786 520 860 inferius
552 787 591 856 in
625 783 820 856 mulierum
853 786 1086 857 successione
1119 783 1453 865 describenduscx
1491 807 1629 866 tantum
1706 850 1712 858 .

156 938 293 1040 gradus
319 936 528 1036 distinguat,
554 933 651 1007 unde
677 959 805 1008 eorum
833 936 999 1033 opinioni
1025 951 1293 1035 argumentum
1305 939 1481 1014 accedere
1499 940 1628 1015 videa.-

121 1063 123 1066 .
156 1109 226 1181 tur,
252 1092 316 1190 qui
342 1087 494 1162 Athenis
520 1111 672 1187 quoque
691 1087 904 1158 universum
929 1087 991 1183 jus
1009 1085 1232 1159 succedendi
1257 1085 1461 1175 ἀγχιστείας
1481 1093 1629 1188 finibus,

157 1246 205 1320 de
233 1238 371 1342 quibus
396 1240 565 1338 superius
593 1241 745 1336 egimus,
771 1239 1137 1334 circumscripserunt
1152 1234 1228 1331 1⁰4),
1270 1249 1484 1339 praesertim
1513 1272 1629 1344 quum

72 1392 75 1397 ⁴
157 1401 238 1498 ipse
262 1393 363 1465 Plato
399 1404 497 1462 extra
531 1388 602 1462 hos
635 1386 729 1460 fines
756 1387 857 1460 orbis
891 1385 1053 1461 liberum
1087 1391 1208 1462 mariti
1242 1392 1403 1492 eligendi
1436 1396 1626 1470 arbitrium

157 1549 360 1650 permittat3
379 1539 589 1613 accuratius
614 1554 736 1612 tamen
759 1563 801 1611 re
826 1564 1010 1638 perpensa
1032 1541 1279 1641 intelligemus
1296 1570 1364 1619 nce
1381 1546 1542 1622 Platonis
1560 1572 1630 1622 nec
1737 1524 1742 1529 ⁴

158 1703 252 1802 juris
277 1696 384 1771 Attici
412 1707 572 1766 mentem
598 1716 679 1763 eam
706 1714 802 1780 esse,
844 1714 955 1789 quam
983 1693 1184 1790 antiquitus
1209 1719 1378 1795 quoque,
1411 1712 1450 1770 ut
1474 1698 1630 1791 videtur,

157 1829 254 1928 unus
272 1852 409 1928 alterve
425 1841 630 1953 causidicus
647 1841 721 1915 sibi
737 1841 901 1917 iuvenire
920 1839 1170 1934 visuscst105t,
1190 1858 1230 1917 ut
1250 1849 1315 1943 qui
1335 1841 1404 1930 ἔξω
1427 1847 1630 1937 ἀγχιστείας

227 2179 293 2247 102)
310 2179 354 2232 ct.
367 2177 452 2231 lenes
470 2176 572 2234 Worlrs
594 2176 628 2230 tt
645 2177 698 2243 tx,
716 2196 743 2247 p.
762 2176 815 2232 324
831 2193 873 2245 sq.
892 2181 923 2231 et
941 2175 1017 2230 Gens
1034 2177 1175 2233 Erbreelrt
1194 2178 1229 2238 Τ.
1248 2179 1274 2246 Ῑ,
1290 2190 1320 2250 p.
1337 2177 1390 2236 an
1407 2195 1463 2249 sq„
1493 2178 1543 2249 qui
1560 2176 1631 2235 adeo

159 2293 259 2349 parum
276 2273 332 2326 sibi
350 2274 404 2326 hae
427 2272 456 2326 in
480 2289 512 2325 re
540 2272 682 2337 constitit,
712 2277 745 2326 ut
765 2290 852 2341 quum
870 2275 998 2342 superius
1018 2280 1149 2344 negasset
1168 2273 1367 2342 patrimonium
1386 2273 1423 2328 ab
1442 2274 1512 2329 orba
1531 2274 1631 2340 divelli
1690 2340 1694 2346 Ι

158 2390 250 2444 posse,
268 2371 329 2436 jam
347 2375 478 2440 patruum
497 2369 629 2436 conjiciat
646 2375 759 2440 neptem
778 2387 812 2423 ex
830 2356 920 2424 fratre
939 2372 1072 2443 ἐπλοληρον
1097 2372 1158 2423 sine
1178 2355 1338 2426 hereditate
1358 2368 1485 2425 duxisse!
1531 2372 1632 2441 Quen·

114 2503 118 2508 1
161 2487 244 2539 quam
261 2466 314 2519 hoc
332 2470 498 2534 argumente
517 2470 614 2518 eontra
633 2463 720 2534 ipsius
738 2464 904 2518 sententiam
922 2466 955 2517 de
976 2464 1084 2534 patruis
1103 2482 1157 2519 non
1177 2471 1250 2531 utar,
1264 2464 1289 2518 si
1301 2465 1414 2534 quidem
1426 2463 1455 2519 in
1469 2482 1503 2519 ee
1517 2484 1635 2537 quoque

159 2563 276 2627 erravit,
296 2560 371 2629 quud
388 2561 515 2629 exempla
531 2560 565 2613 de
585 2561 726 2631 έιεικλήροος
743 2559 875 2613 ducendis
894 2559 1004 2614 omnino
1024 2561 1060 2614 ed
1077 2559 1172 2629 patrui
1190 2542 1308 2631 gradum
1328 2560 1446 2627 retulit3
1460 2568 1537 2616 reete
1554 2562 1630 2616 enim

158 2661 255 2716 Astius
272 2658 308 2712 sd
326 2658 415 2726 legg.
434 2674 461 2723 p.
478 2655 530 2708 524
547 2654 746 2708 animadvertit
764 2655 818 2708 lrae
833 2655 862 2707 in
881 2673 965 2709 causa
981 2673 1035 2710 nea
1053 2655 1130 2709 filiae
1148 2655 1199 2709 sed
1215 2655 1306 2725 putris
1325 2656 1429 2710 mortui
1444 2658 1581 2713 rationem
1599 2659 1629 2714 iu

157 2752 319 2812 deliniendis
336 2749 471 2822 gradibus
490 2748 600 2815 haberi,
622 2757 793 2818 quapropter
811 2751 844 2825 is,
865 2751 912 2818 qai
932 2757 1045 2820 neptem
1063 2768 1142 2804 suam
1161 2752 1259 2804 erbam
1276 2751 1306 2804 in
1324 2752 1531 2809 matrimonium
1544 2755 1627 2826 petit,

158 2868 212 2908 non
229 2855 363 2916 tanquam
380 2846 442 2911 ejus
457 2850 584 2913 patruus,
600 2845 651 2896 sed
667 2850 801 2911 tanquam
820 2844 945 2898 detracti
961 2847 1052 2908 frater
1068 2845 1258 2901 hereditatem
1276 2847 1382 2902 cernit!

227 2944 291 3008 103)
310 2939 518 3011 insignissimus
536 2940 614 2991 loeus
632 2945 676 2992 cst
695 2939 767 3008 apud
787 2940 897 3000 Isaeum
923 2939 957 2992 de
983 2941 1130 3011 Cleonymi
1147 2941 1208 2995 lter.
1224 2942 1248 3010 §.
1265 2942 1317 3008 45,
1347 2941 1398 2996 ubi
1423 2942 1569 3015 Cleonymi
1595 2961 1630 3000 cx

158 3055 254 3094 sorore
272 3043 386 3105 nepmes
406 3035 433 3087 in
451 3035 513 3101 ejus
531 3033 690 3088 hereditate
708 3035 827 3103 petenda
844 3035 897 3088 hoc
917 3034 1093 3104 potissimum
1110 3045 1276 3108 argumento
1289 3043 1417 3105 utuntur,
1440 3040 1552 3109 quod
1529 3059 1553 3094 ss
1574 3040 1630 3111 ipsi

160 3141 224 3190 ante
242 3131 325 3183 illum
342 3128 447 3183 mortui
464 3134 571 3193 essent,
590 3128 640 3181 ille
660 3127 784 3181 vicissim
802 3136 918 3198 propter
933 3147 982 3206 cog
985 3130 1103 3184 nationis
1118 3133 1384 3202 propinquitatem
1375 3137 1628 3203 ipsorumisbeua
1654 3173 1665 3189 ,

157 3243 336 3286 successurus
355 3225 460 3291 luerit,
480 3243 535 3294 qrro
555 3224 627 3278 nilsil
647 3205 772 3295 apertius
795 3233 891 3279 eontra
911 3216 1072 3279 Gensiam'
1063 3228 1184 3290 inveniri
1202 3235 1302 3299 potest.
1335 3230 1417 3284 Alius
1435 3238 1528 3287 tamen
1547 3250 1628 3302 prae·

159 3336 240 3382 terea
255 3322 329 3391 apud
347 3321 465 3373 eundem
484 3325 593 3386 exstat,
629 3320 701 3374 unde
727 3319 814 3374 etiam
831 3319 953 3374 defuncti
971 3324 1104 3391 patruus,
1140 3322 1165 3376 si
1191 3323 1335 3395 propiores
1352 3325 1470 3381 heredes
1486 3328 1625 3395 deessent,

158 3422 247 3476 liliam
265 3415 352 3486 ipsius
371 3413 456 3467 sibi‘
448 3432 476 3467 ιιι
494 3414 702 3469 matrimonium
720 3415 864 3470 vindicare
883 3416 1008 3485 potuisse
1025 3417 1133 3488 prodit:
1159 3419 1185 3470 ολ
1199 3418 1246 3474 τοῦ
1262 3421 1370 3494 Hippou
1386 3425 1464 3485 θετον,
1493 3425 1518 3476 ελ
1532 3425 1626 3499 ᾔδεσαν

158 3523 264 3589 γνησίαν
282 3518 415 3587 θυγατέρα
432 3511 469 3583 τῷ
488 3512 585 3567 ιἀυτῶν
605 3512 732 3586 citatam?
746 3515 960 3585 καταλειπομένην
978 3518 1020 3568 καλ
1037 3515 1109 3586 ἡμῶν
1128 3517 1225 3585 μηδένα
1241 3517 1380 3581 λαμβάνειν
1396 3519 1520 3572 ἐθέλοντα
1536 3498 1637 3591 αὐτην,

159 3620 200 3670 οἰκ
217 3636 249 3667 αν
267 3629 329 3665 ποτε
347 3613 523 3684 έιτέτριψαν
507 3611 634 3674 Ξενοκλέα,
653 3613 682 3663 ed
685 3632 698 3665 ν
714 3613 866 3681 μηδαμόθεν
882 3613 963 3680 μηδέν
975 3616 1048 3688 ἱμένει
1065 3611 1219 3684 apocarteresi
1235 3612 1342 3686 Ilipam,
1366 3613 1478 3678 λαβόντα
1495 3615 1563 3680 ἔχειν
1579 3618 1629 3687 τήν

158 3710 222 3764 κατα
240 3715 310 3775 γένος
329 3707 497 3778 προήκουσαν
515 3705 602 3766 uineta
619 3716 741 3773 γοονατκα
759 3723 843 3776 quam
863 3706 887 3759 si
907 3712 984 3777 reete
1001 3705 1151 3762 statuimus
1168 3724 1222 3762 non
1240 3708 1293 3762 nisi
1306 3727 1368 3762 eum
1383 3707 1551 3779 patrimonio
1566 3711 1629 3803 duci

160 3805 281 3866 licuisse,
301 3799 365 3852 ltine
384 3817 494 3869 quoquo
514 3800 611 3854 Gnosii
630 3817 710 3854 error
730 3802 805 3855 clare
823 3808 947 3872 apparet

159 3936 161 3942 ,
227 3897 291 3958 lut)
310 3896 352 3948 ut
372 3896 521 3950 Bursenl.
543 3895 562 3950 l.
581 3912 609 3966 p.
626 3894 670 3962 86,
689 3894 734 3951 cul
753 3902 846 3951 umen
863 3903 941 3950 recte
961 3893 1125 3964 obloquitur
1143 3892 1303 3953 Gaasiusl.
1322 3897 1343 3950 1.
1360 3916 1387 3968 p
1404 3850 1464 3952 856.

226 3992 286 4040 λρ
314 3989 467 4050 ”isaeus
484 3992 518 4048 de
536 3990 666 4066 lingulae
689 3992 751 4049 λιιι
775 3993 799 4063 §.
823 3991 858 4048 12
881 3998 913 4048 st
931 3992 975 4060 26,
995 3990 1045 4061 qui
1064 3991 1134 4047 milti
1151 3991 1205 4062 ipsi
1224 3991 1381 4061 perstaret
1398 3992 1627 4062 elsmpudreslms
