3578 4350
777 195 998 352 A

151 467 375 582 ‘e'o'm'parare
390 473 508 550 'liceat
523 470 587 568 ⁴¹),
618 469 896 573 pr'aeteie'aque'
911 469 1006 544 illud
1029 471 1079 547 nd
1102 470 1392 550 Lacedaemonis
1416 438 1631 578 eiemplnni

152 633 328 726 instituit,
383 626 487 730 quod
528 629 606 727 jam
645 628 685 699 in
723 627 914 725 superiore
951 614 1201 728 disputatione
1228 630 1350 728 attigi,
1405 643 1447 703 nt
1471 629 1632 708 'adoles-‘-

156 802 280 863 centes
304 785 518 880 unicuique,
542 783 609 880 qui
634 794 723 853 natu
748 780 872 878 major
896 789 1008 872 esset,
1034 793 1210 879 tanquam
1238 782 1381 879 parenti
1407 783 1630 882 obsequium

152 950 382 1042 praestarent
405 937 645 1032 senioresque
671 930 730 1006 vel
756 928 959 1029 castigandi
983 932 1067 1028 jure
1087 929 1270 1021 adversus
1294 935 1488 1034 juniorum
1513 934 1632 1010 lasci·

153 1096 257 1167 ¹viam
272 1101 463 1164 uterentur
479 1084 545 1179 4⁸);
569 1082 773 1160 abdicandi
797 1095 917 1157 autem
939 1096 1157 1180 potestatem
1180 1110 1228 1158 ne
1244 1087 1463 1184 parentibus
1479 1086 1634 1188 quidem

112 1212 115 1219 .
155 1243 247 1318 solis
262 1241 469 1343 sconcessit,
491 1261 540 1310 ne
564 1239 647 1335 quis
671 1231 867 1309 iracundia
894 1233 1097 1307 concitatus
1121 1231 1313 1314 hominem
1336 1241 1532 1337 juvenem,
1567 1241 1635 1338 qui

159 1397 248 1473 olim
273 1394 428 1471 fortasse
453 1391 502 1467 ad
527 1391 676 1467 bonam·
692 1389 836 1490 frugem
857 1386 980 1461 redire
997 1403 1140 1488 posset,
1166 1389 1279 1464 domo
1294 1392 1405 1473 simul
1424 1417 1468 1466 au
1488 1393 1634 1489 civitate

159 1548 395 1636 exturbaret,
436 1542 502 1620 sed
536 1545 698 1642 primum
734 1538 886 1638 quidem
921 1541 1220 1639 propinquorum
1245 1540 1440 1641 eonsilium
1465 1539 1638 1615 adhiberi

162 1702 283 1800 jussit,
309 1723 471 1798 quorum
496 1693 681 1792 suffragiis
706 1689 754 1764 de
775 1690 924 1764 fortuna
946 1687 1108 1765 hominis
1129 1688 1399 1785 decerneretur,
1420 1691 1638 1767 abdicatum

163 1867 297 1944 nutem,
322 1853 354 1923 si
379 1850 462 1947 quis
486 1845 560 1921 sibi
585 1843 764 1945 adoptare
788 1842 1010 1936 velletren
1035 1841 1240 1943 prohibuit,
1263 1817 1347 1918 eum
1373 1841 1544 1938 demum,
1568 1846 1638 1944 qui

158 2005 259 2076 intra
285 2000 505 2073 decennium
528 2024 549 2072 a
572 1999 719 2071 nemine
743 1999 782 2069 in
806 1993 983 2068 familiam
1007 1997 1257 2093 reciperetur,
1275 2023 1349 2070 una
1373 2021 1458 2072 eum
1484 1999 1549 2092 iis,
1570 1997 1637 2096 qui

164 2169 320 2257 propter
358 2150 513 2225 fratrum
553 2174 750 2223 numerum
787 2148 931 2247 proprii
971 2147 1185 2246 patrimonii
1219 2164 1386 2249 expertes
1419 2113 1559 2245 essent,
1593 2150 1635 2223 iu

167 2309 331 2385 colonias
360 2303 562 2380 exsulatum
596 2300 781 2400 ablegavit
797 2298 855 2372 44).
914 2300 1031 2372 Simili
1060 2267 1229 2374 cautione
1252 2303 1292 2374 in
1321 2301 1488 2377 divortiis
1515 2310 1638 2403 utitur,

168 2489 264 2566 quae
287 2464 336 2534 ita
362 2473 502 2533 tantum
533 2455 616 2529 fieri
644 2455 840 2556 permittit,
881 2451 949 2525 ubi
973 2450 1103 2525 decem
1129 2476 1174 2525 ex
1198 2452 1515 2553 nomophylaoum
1548 2462 1642 2533 toti·-

168 2616 328 2713 demque
353 2635 400 2685 ex
425 2606 663 2684 muliebrium
690 2611 970 2706 magistratuum
993 2603 1149 2678 numero
1165 2603 1322 2680 selectae
1335 2604 1471 2681 frustra
1487 2570 1643 2695 dissidia

170 2787 395 2867 componere
419 2762 649 2851 tentaverint,
674 2784 717 2832 ac
743 2784 790 2830 ne
814 2760 867 2832 sie
892 2755 1046 2856 quidem
1070 2755 1286 2857 simpliciter
1304 2759 1398 2832 inter
1417 2784 1457 2834 se
1477 2758 1643 2864 disjungi

170 2920 317 3019 patitur,
341 2911 409 2989 sed
435 2915 581 3012 utrique
600 2934 738 2986 novum
757 2910 957 3023 conjugem
975 2906 1089 3001 addit,
1114 2909 1180 3006 qui
1195 2906 1356 2985 ferocem
1374 2912 1458 3010 ejus
1476 2917 1643 2990 animum

180 3158 602 3180 W

242 3293 291 3351 42)
306 3287 434 3356 xenoptr.
453 3288 524 3356 Rep,
544 3289 608 3344 Lae.
629 3289 668 3355 ll,
687 3288 718 3343 22
735 3289 748 3342 ὅ
767 3289 796 3343 dl
813 3286 956 3361 Λνκῧοργος
973 3287 1033 3341 nini
1048 3287 1096 3350 ptr
1108 3285 1156 3340 τοῦ
1171 3287 1226 3356 ἰδίᾳ
1240 3285 1336 3358 irrumpi
1348 3289 1526 3359 παιδαγωγοὺς
1541 3293 1643 3358 δούλοις
1703 3274 1706 3279 ‚

171 3390 303 3454 ἐφιστάναι
321 3387 404 3458 ἄνδρα
423 3391 545 3456 ἐπέστησε
563 3400 663 3461 κρατεῖν
680 3387 784 3450 αὐτῶν,
802 3391 829 3446 ἐξ
846 3380 930 3460 ὦνπερ
948 3388 978 3439 αἱ
992 3393 1111 3453 μέγισται
1128 3387 1209 3458 ἀρχαὶ
1225 3391 1407 3449 καθίστανται,
1426 3387 1452 3447 te
1470 3388 1502 3456 dei
1521 3390 1563 3441 aad
1580 3407 1644 3444 ato·-

173 3489 275 3548 δονόμος
294 3485 414 3536 καλεῖται.
445 3484 569 3535 Eundem
589 3484 770 3572 Plutarchus
781 3501 893 3553 quoque
911 3484 946 3541 V.
965 3483 1087 3554 Lyeurg.
1103 3500 1126 3535 e.
1145 3482 1179 3538 lt
1195 3485 1221 3536 ie
1237 3483 1289 3536 τῶν
1306 3484 1388 3537 καλῶν
1405 3483 1528 3549 κάγαθῶν
1543 3485 1648 3561 ἀνδροῖν

170 3586 275 3638 loetum
294 3597 355 3633 osse
374 3579 479 3645 tradit3
497 3581 546 3632 sed
564 3579 638 3633 haud
653 3580 710 3633 erio
725 3597 760 3634 an
776 3579 889 3651 longine
904 3579 990 3632 etium
1002 3571 1154 3648 procedere
1168 3595 1289 3647 eumque
1301 3586 1462 3634 senatorum
1477 3597 1512 3635 ex
1526 3598 1643 3640 numero

175 3681 262 3733 inisse
281 3679 400 3732 Platone
420 3676 489 3728 duce
506 3680 632 3728 statuere
649 3675 741 3731 liceat.
779 3675 956 3746 Pnedngogie
976 3680 1069 3729 temon
1096 3675 1180 3732 Plato
1204 3674 1233 3728 in
1257 3675 1377 3748 singulis
1399 3676 1530 3750 regendis
1547 3697 1648 3737 terere

174 3774 282 3839 uoluit3
300 3774 335 3826 ei.
356 3773 445 3844 Legg.
464 3770 530 3834 vu,
552 3788 578 3839 p.
597 3769 651 3826 808
669 3772 694 3824 Ι)
714 3775 744 3824 et
763 3771 853 3840 Knpp.
872 3772 892 3824 1.
911 3771 929 3824 t
948 3789 976 3840 p.
995 3769 1030 3824 48
1049 3787 1090 3839 eq.

150 3898 161 3923 e
240 3870 352 3936 emet,
371 3863 719 3937 v11‚p.8⁰81tetmp.
738 3865 853 3935 diepa.
872 3865 915 3921 tt.
964 3896 969 3903 ·

242 3965 292 4037 tt)
315 3965 403 4034 [regg.
422 3962 475 4028 xt,
495 3981 520 4030 p·
539 3959 608 4026 ⁹293
637 3962 670 4017 ei.
690 3961 767 4018 Getae
786 3961 927 4017 Erbmeht
945 3960 980 4016 Τ.
998 3962 1023 4028 1,
1044 3981 1070 4031 p.
1088 3961 1152 4024 ⁸28,
