<?xml version="1.0" encoding="UTF-8"?>
<!DOCTYPE html PUBLIC "-//W3C//DTD XHTML 1.0 Transitional//EN"
    "http://www.w3.org/TR/xhtml1/DTD/xhtml1-transitional.dtd">
<html xmlns="http://www.w3.org/1999/xhtml" xml:lang="en" lang="en">
 <head>
  <title>
</title>
<meta http-equiv="Content-Type" content="text/html;charset=utf-8" />
  <meta name='ocr-system' content='tesseract 3.04.00' />
  <meta name='ocr-capabilities' content='ocr_page ocr_carea ocr_par ocr_line ocrx_word'/>
</head>
<body>
  <div class='ocr_page' id='page_1' title='image "./jurisdomesticie00hermgoog/jurisdomesticie00hermgoog_0018.png"; bbox 0 0 3578 4350; ppageno 0'>
   <div class='ocr_carea' id='block_1_1' title="bbox 55 1190 1641 1338">
    <p class='ocr_par' dir='ltr' id='par_1_1' title="bbox 55 1190 1641 1338">
     <span class='ocr_line' id='line_1_1' title="bbox 55 1190 1641 1338; baseline 0.008 -31"><span class='ocrx_word' id='word_1_1' title='bbox 55 1253 58 1256; x_wconf 78' lang='grc'>’</span> <span class='ocrx_word' id='word_1_2' title='bbox 172 1190 238 1319; x_wconf 83' lang='lat' dir='ltr'>In</span> <span class='ocrx_word' id='word_1_3' title='bbox 266 1235 312 1310; x_wconf 89' lang='lat' dir='ltr'>iis</span> <span class='ocrx_word' id='word_1_4' title='bbox 345 1258 443 1334; x_wconf 86' lang='lat' dir='ltr'>quae</span> <span class='ocrx_word' id='word_1_5' title='bbox 477 1256 597 1334; x_wconf 83' lang='lat' dir='ltr'><strong>nuper</strong></span> <span class='ocrx_word' id='word_1_6' title='bbox 635 1232 918 1313; x_wconf 86' lang='lat' dir='ltr'>indicendorum</span> <span class='ocrx_word' id='word_1_7' title='bbox 950 1239 1208 1338; x_wconf 68' lang='lat' dir='ltr'>augustissimi</span> <span class='ocrx_word' id='word_1_8' title='bbox 1242 1230 1423 1315; x_wconf 83' lang='lat' dir='ltr'>Electoris</span> <span class='ocrx_word' id='word_1_9' title='bbox 1465 1245 1641 1320; x_wconf 86' lang='lat' dir='ltr'>natalium</span> 
     </span>
    </p>
   </div>
   <div class='ocr_carea' id='block_1_2' title="bbox 79 1374 1674 3916">
    <p class='ocr_par' dir='ltr' id='par_1_2' title="bbox 79 1374 1674 3916">
     <span class='ocr_line' id='line_1_2' title="bbox 171 1374 1643 1499; baseline 0.007 -35"><span class='ocrx_word' id='word_1_10' title='bbox 171 1413 282 1466; x_wconf 87' lang='lat' dir='ltr'>causa</span> <span class='ocrx_word' id='word_1_11' title='bbox 312 1388 361 1467; x_wconf 91' lang='lat' dir='ltr'>de</span> <span class='ocrx_word' id='word_1_12' title='bbox 393 1374 555 1492; x_wconf 83' lang='lat' dir='ltr'>vestigiis</span> <span class='ocrx_word' id='word_1_13' title='bbox 586 1393 833 1467; x_wconf 86' lang='lat' dir='ltr'>institutorum</span> <span class='ocrx_word' id='word_1_14' title='bbox 868 1408 1054 1485; x_wconf 80' lang='lat' dir='ltr'>veterum,</span> <span class='ocrx_word' id='word_1_15' title='bbox 1093 1395 1276 1493; x_wconf 85' lang='lat' dir='ltr'>imprimis</span> <span class='ocrx_word' id='word_1_16' title='bbox 1306 1397 1535 1492; x_wconf 80' lang='lat' dir='ltr'>Atticorum,</span> <span class='ocrx_word' id='word_1_17' title='bbox 1575 1425 1643 1499; x_wconf 89' lang='lat' dir='ltr'>per</span> 
     </span>
     <span class='ocr_line' id='line_1_3' title="bbox 170 1536 1674 1652; baseline 0.007 -37"><span class='ocrx_word' id='word_1_18' title='bbox 170 1540 333 1618; x_wconf 83' lang='lat' dir='ltr'>Platonis</span> <span class='ocrx_word' id='word_1_19' title='bbox 357 1539 406 1618; x_wconf 89' lang='lat' dir='ltr'>de</span> <span class='ocrx_word' id='word_1_20' title='bbox 427 1542 592 1644; x_wconf 83' lang='lat' dir='ltr'>Legibus</span> <span class='ocrx_word' id='word_1_21' title='bbox 611 1536 745 1622; x_wconf 27' lang='lat' dir='ltr'>,libros</span> <span class='ocrx_word' id='word_1_22' title='bbox 774 1541 997 1644; x_wconf 74' lang='lat' dir='ltr'>indagandis</span> <span class='ocrx_word' id='word_1_23' title='bbox 1026 1545 1316 1646; x_wconf 86' lang='lat' dir='ltr'>disputavimus,</span> <span class='ocrx_word' id='word_1_24' title='bbox 1356 1562 1392 1619; x_wconf 92' lang='lat' dir='ltr'>et</span> <span class='ocrx_word' id='word_1_25' title='bbox 1424 1547 1496 1622; x_wconf 87' lang='lat' dir='ltr'>alia</span> <span class='ocrx_word' id='word_1_26' title='bbox 1529 1549 1644 1627; x_wconf 89' lang='lat' dir='ltr'>multa</span> <span class='ocrx_word' id='word_1_27' title='bbox 1670 1647 1674 1652; x_wconf 18' lang='grc' dir='ltr'>Ι</span> 
     </span>
     <span class='ocr_line' id='line_1_4' title="bbox 79 1692 1641 1798; baseline 0.005 -28"><span class='ocrx_word' id='word_1_28' title='bbox 79 1777 83 1781; x_wconf 61' lang='grc'><em>,</em></span> <span class='ocrx_word' id='word_1_29' title='bbox 170 1697 279 1795; x_wconf 84' lang='lat' dir='ltr'>spatii</span> <span class='ocrx_word' id='word_1_30' title='bbox 302 1699 556 1796; x_wconf 78' lang='lat' dir='ltr'>temporisque</span> <span class='ocrx_word' id='word_1_31' title='bbox 579 1698 758 1796; x_wconf 82' lang='lat' dir='ltr'>angustiis</span> <span class='ocrx_word' id='word_1_32' title='bbox 782 1701 899 1772; x_wconf 86' lang='lat' dir='ltr'>coacti</span> <span class='ocrx_word' id='word_1_33' title='bbox 924 1714 985 1772; x_wconf 90' lang='lat' dir='ltr'>aut</span> <span class='ocrx_word' id='word_1_34' title='bbox 1010 1697 1236 1798; x_wconf 84' lang='lat' dir='ltr'>negleximus</span> <span class='ocrx_word' id='word_1_35' title='bbox 1259 1712 1322 1772; x_wconf 87' lang='lat' dir='ltr'>aut</span> <span class='ocrx_word' id='word_1_36' title='bbox 1345 1696 1475 1772; x_wconf 82' lang='lat' dir='ltr'>leviter</span> <span class='ocrx_word' id='word_1_37' title='bbox 1500 1692 1641 1777; x_wconf 80' lang='lat' dir='ltr'>tanturn</span> 
     </span>
     <span class='ocr_line' id='line_1_5' title="bbox 102 1846 1642 1948; baseline 0.003 -26"><span class='ocrx_word' id='word_1_38' title='bbox 102 1883 105 1889; x_wconf 39' lang='lat'>¹</span> <span class='ocrx_word' id='word_1_39' title='bbox 172 1863 284 1947; x_wconf 88' lang='lat' dir='ltr'>atque</span> <span class='ocrx_word' id='word_1_40' title='bbox 306 1850 345 1923; x_wconf 90' lang='lat' dir='ltr'>iu</span> <span class='ocrx_word' id='word_1_41' title='bbox 369 1863 582 1924; x_wconf 86' lang='lat' dir='ltr'>transcursu</span> <span class='ocrx_word' id='word_1_42' title='bbox 606 1849 805 1946; x_wconf 85' lang='lat' dir='ltr'>attigimus,</span> <span class='ocrx_word' id='word_1_43' title='bbox 828 1873 905 1946; x_wconf 92' lang='lat' dir='ltr'>quo</span> <span class='ocrx_word' id='word_1_44' title='bbox 930 1847 1019 1922; x_wconf 89' lang='lat' dir='ltr'>olim</span> <span class='ocrx_word' id='word_1_45' title='bbox 1045 1846 1201 1924; x_wconf 85' lang='lat' dir='ltr'>sortasse</span> <span class='ocrx_word' id='word_1_46' title='bbox 1225 1851 1368 1948; x_wconf 88' lang='lat' dir='ltr'>majore</span> <span class='ocrx_word' id='word_1_47' title='bbox 1393 1851 1469 1924; x_wconf 91' lang='lat' dir='ltr'>otio</span> <span class='ocrx_word' id='word_1_48' title='bbox 1493 1866 1530 1924; x_wconf 92' lang='lat' dir='ltr'>et</span> <span class='ocrx_word' id='word_1_49' title='bbox 1553 1877 1642 1927; x_wconf 87' lang='lat' dir='ltr'>eura</span> 
     </span>
     <span class='ocr_line' id='line_1_6' title="bbox 169 1997 1641 2100; baseline 0.003 -26"><span class='ocrx_word' id='word_1_50' title='bbox 169 1999 294 2075; x_wconf 89' lang='lat' dir='ltr'>redire</span> <span class='ocrx_word' id='word_1_51' title='bbox 317 1999 462 2093; x_wconf 86' lang='lat' dir='ltr'>licebit;</span> <span class='ocrx_word' id='word_1_52' title='bbox 488 2003 745 2099; x_wconf 85' lang='lat' dir='ltr'>gravissimum</span> <span class='ocrx_word' id='word_1_53' title='bbox 770 2017 894 2076; x_wconf 87' lang='lat' dir='ltr'>autern</span> <span class='ocrx_word' id='word_1_54' title='bbox 919 2002 1064 2094; x_wconf 90' lang='lat' dir='ltr'>locum,</span> <span class='ocrx_word' id='word_1_55' title='bbox 1089 2003 1154 2100; x_wconf 87' lang='lat' dir='ltr'>qui</span> <span class='ocrx_word' id='word_1_56' title='bbox 1180 2014 1234 2073; x_wconf 90' lang='lat' dir='ltr'>est</span> <span class='ocrx_word' id='word_1_57' title='bbox 1259 1997 1306 2072; x_wconf 91' lang='lat' dir='ltr'>de</span> <span class='ocrx_word' id='word_1_58' title='bbox 1330 2002 1413 2098; x_wconf 88' lang='lat' dir='ltr'>jure</span> <span class='ocrx_word' id='word_1_59' title='bbox 1437 1998 1641 2078; x_wconf 86' lang='lat' dir='ltr'>domestico</span> 
     </span>
     <span class='ocr_line' id='line_1_7' title="bbox 169 2139 1642 2252; baseline 0.003 -28"><span class='ocrx_word' id='word_1_60' title='bbox 169 2167 206 2224; x_wconf 91' lang='lat' dir='ltr'>et</span> <span class='ocrx_word' id='word_1_61' title='bbox 236 2150 428 2244; x_wconf 81' lang='lat' dir='ltr'>familiari,</span> <span class='ocrx_word' id='word_1_62' title='bbox 452 2153 500 2226; x_wconf 89' lang='lat' dir='ltr'>ita</span> <span class='ocrx_word' id='word_1_63' title='bbox 527 2144 755 2246; x_wconf 81' lang='lat' dir='ltr'>distulimus,</span> <span class='ocrx_word' id='word_1_64' title='bbox 798 2166 845 2239; x_wconf 88' lang='lat' dir='ltr'>ut</span> <span class='ocrx_word' id='word_1_65' title='bbox 876 2154 1061 2251; x_wconf 87' lang='lat' dir='ltr'>integrum</span> <span class='ocrx_word' id='word_1_66' title='bbox 1086 2147 1305 2252; x_wconf 80' lang='lat' dir='ltr'>propediem</span> <span class='ocrx_word' id='word_1_67' title='bbox 1331 2176 1400 2225; x_wconf 89' lang='lat' dir='ltr'>nos</span> <span class='ocrx_word' id='word_1_68' title='bbox 1425 2139 1642 2229; x_wconf 87' lang='lat' dir='ltr'>tractaturos</span> 
     </span>
     <span class='ocr_line' id='line_1_8' title="bbox 169 2277 1640 2403; baseline 0.005 -29"><span class='ocrx_word' id='word_1_69' title='bbox 169 2326 250 2381; x_wconf 83' lang='lat' dir='ltr'>esse</span> <span class='ocrx_word' id='word_1_70' title='bbox 281 2290 555 2403; x_wconf 87' lang='lat' dir='ltr'>polliceremur.</span> <span class='ocrx_word' id='word_1_71' title='bbox 612 2304 865 2403; x_wconf 78' lang='lat' dir='ltr'>sperabamus</span> <span class='ocrx_word' id='word_1_72' title='bbox 895 2308 996 2378; x_wconf 89' lang='lat' dir='ltr'>enim</span> <span class='ocrx_word' id='word_1_73' title='bbox 1030 2305 1130 2398; x_wconf 80' lang='lat' dir='ltr'>fore,</span> <span class='ocrx_word' id='word_1_74' title='bbox 1165 2277 1218 2397; x_wconf 26' lang='lat' dir='ltr'>,ut</span> <span class='ocrx_word' id='word_1_75' title='bbox 1249 2303 1323 2379; x_wconf 89' lang='lat' dir='ltr'>hoc</span> <span class='ocrx_word' id='word_1_76' title='bbox 1357 2329 1510 2403; x_wconf 89' lang='lat' dir='ltr'>quoque</span> <span class='ocrx_word' id='word_1_77' title='bbox 1541 2330 1640 2380; x_wconf 92' lang='lat' dir='ltr'>auno</span> 
     </span>
     <span class='ocr_line' id='line_1_9' title="bbox 168 2453 1640 2557; baseline 0.003 -31"><span class='ocrx_word' id='word_1_78' title='bbox 168 2456 398 2532; x_wconf 80' lang='lat' dir='ltr'>serenissimi</span> <span class='ocrx_word' id='word_1_79' title='bbox 427 2458 626 2557; x_wconf 89' lang='lat' dir='ltr'>Principis,</span> <span class='ocrx_word' id='word_1_80' title='bbox 666 2457 731 2534; x_wconf 16' lang='lat' dir='ltr'>,cui</span> <span class='ocrx_word' id='word_1_81' title='bbox 762 2455 811 2530; x_wconf 90' lang='lat' dir='ltr'>ab</span> <span class='ocrx_word' id='word_1_82' title='bbox 846 2457 1116 2555; x_wconf 85' lang='lat' dir='ltr'>Angustissimo</span> <span class='ocrx_word' id='word_1_83' title='bbox 1147 2458 1253 2529; x_wconf 90' lang='lat' dir='ltr'>Patre</span> <span class='ocrx_word' id='word_1_84' title='bbox 1284 2456 1432 2555; x_wconf 87' lang='lat' dir='ltr'>imperii</span> <span class='ocrx_word' id='word_1_85' title='bbox 1469 2453 1640 2530; x_wconf 82' lang='lat' dir='ltr'>habenae</span> 
     </span>
     <span class='ocr_line' id='line_1_10' title="bbox 169 2582 1641 2705; baseline -0.001 -25"><span class='ocrx_word' id='word_1_86' title='bbox 169 2606 387 2682; x_wconf 86' lang='lat' dir='ltr'>commissae</span> <span class='ocrx_word' id='word_1_87' title='bbox 411 2623 507 2700; x_wconf 88' lang='lat' dir='ltr'>sunt,</span> <span class='ocrx_word' id='word_1_88' title='bbox 530 2609 672 2684; x_wconf 88' lang='lat' dir='ltr'>natales</span> <span class='ocrx_word' id='word_1_89' title='bbox 697 2606 823 2683; x_wconf 86' lang='lat' dir='ltr'>dehita</span> <span class='ocrx_word' id='word_1_90' title='bbox 850 2632 936 2681; x_wconf 90' lang='lat' dir='ltr'>cum</span> <span class='ocrx_word' id='word_1_91' title='bbox 954 2605 1198 2705; x_wconf 84' lang='lat' dir='ltr'>gratulatione</span> <span class='ocrx_word' id='word_1_92' title='bbox 1213 2582 1259 2680; x_wconf 91' lang='lat' dir='ltr'>ac</span> <span class='ocrx_word' id='word_1_93' title='bbox 1275 2592 1410 2704; x_wconf 86' lang='lat' dir='ltr'>pietate</span> <span class='ocrx_word' id='word_1_94' title='bbox 1426 2603 1641 2679; x_wconf 87' lang='lat' dir='ltr'>celebrandi</span> 
     </span>
     <span class='ocr_line' id='line_1_11' title="bbox 167 2733 1638 2859; baseline 0.001 -29"><span class='ocrx_word' id='word_1_95' title='bbox 167 2757 347 2851; x_wconf 87' lang='lat' dir='ltr'>redirent;</span> <span class='ocrx_word' id='word_1_96' title='bbox 374 2783 493 2859; x_wconf 25' lang='lat' dir='ltr'>quem·</span> <span class='ocrx_word' id='word_1_97' title='bbox 511 2733 631 2857; x_wconf 86' lang='lat' dir='ltr'>quum</span> <span class='ocrx_word' id='word_1_98' title='bbox 652 2734 777 2834; x_wconf 84' lang='lat' dir='ltr'>Divini</span> <span class='ocrx_word' id='word_1_99' title='bbox 801 2760 970 2834; x_wconf 87' lang='lat' dir='ltr'>Numinis</span> <span class='ocrx_word' id='word_1_100' title='bbox 995 2757 1188 2832; x_wconf 89' lang='lat' dir='ltr'>clementia</span> <span class='ocrx_word' id='word_1_101' title='bbox 1213 2752 1260 2828; x_wconf 91' lang='lat' dir='ltr'>ad</span> <span class='ocrx_word' id='word_1_102' title='bbox 1285 2753 1387 2828; x_wconf 88' lang='lat' dir='ltr'>hunc</span> <span class='ocrx_word' id='word_1_103' title='bbox 1402 2780 1521 2853; x_wconf 91' lang='lat' dir='ltr'>usquc</span> <span class='ocrx_word' id='word_1_104' title='bbox 1539 2755 1638 2832; x_wconf 88' lang='lat' dir='ltr'>diem</span> 
     </span>
     <span class='ocr_line' id='line_1_12' title="bbox 169 2894 1639 3013; baseline -0.001 -28"><span class='ocrx_word' id='word_1_105' title='bbox 169 2911 311 2986; x_wconf 88' lang='lat' dir='ltr'>salvum</span> <span class='ocrx_word' id='word_1_106' title='bbox 349 2911 602 3010; x_wconf 90' lang='lat' dir='ltr'>sospitemque</span> <span class='ocrx_word' id='word_1_107' title='bbox 632 2909 761 2985; x_wconf 85' lang='lat' dir='ltr'>videre</span> <span class='ocrx_word' id='word_1_108' title='bbox 793 2894 1005 3013; x_wconf 86' lang='lat' dir='ltr'>contigerit,</span> <span class='ocrx_word' id='word_1_109' title='bbox 1044 2912 1266 2988; x_wconf 74' lang='lat' dir='ltr'>faustissime</span> <span class='ocrx_word' id='word_1_110' title='bbox 1301 2910 1494 2982; x_wconf 87' lang='lat' dir='ltr'>occasione</span> <span class='ocrx_word' id='word_1_111' title='bbox 1527 2909 1575 2983; x_wconf 89' lang='lat' dir='ltr'>ad</span> <span class='ocrx_word' id='word_1_112' title='bbox 1599 2910 1639 2983; x_wconf 92' lang='lat' dir='ltr'>id</span> 
     </span>
     <span class='ocr_line' id='line_1_13' title="bbox 172 3059 1637 3162; baseline -0.003 -25"><span class='ocrx_word' id='word_1_113' title='bbox 172 3061 276 3162; x_wconf 88' lang='lat' dir='ltr'>quod</span> <span class='ocrx_word' id='word_1_114' title='bbox 305 3064 546 3161; x_wconf 89' lang='lat' dir='ltr'>promisimus</span> <span class='ocrx_word' id='word_1_115' title='bbox 581 3060 871 3162; x_wconf 84' lang='lat' dir='ltr'>persolvendum</span> <span class='ocrx_word' id='word_1_116' title='bbox 904 3065 956 3136; x_wconf 88' lang='lat' dir='ltr'>uti</span> <span class='ocrx_word' id='word_1_117' title='bbox 988 3087 1064 3136; x_wconf 91' lang='lat' dir='ltr'>non</span> <span class='ocrx_word' id='word_1_118' title='bbox 1096 3059 1392 3135; x_wconf 87' lang='lat' dir='ltr'>detrectabimus.</span> <span class='ocrx_word' id='word_1_119' title='bbox 1455 3061 1637 3153; x_wconf 87' lang='lat' dir='ltr'>Quoniam</span> 
     </span>
     <span class='ocr_line' id='line_1_14' title="bbox 169 3208 1638 3313; baseline 0 -28"><span class='ocrx_word' id='word_1_120' title='bbox 169 3229 291 3288; x_wconf 91' lang='lat' dir='ltr'>autem</span> <span class='ocrx_word' id='word_1_121' title='bbox 316 3216 355 3287; x_wconf 92' lang='lat' dir='ltr'>in</span> <span class='ocrx_word' id='word_1_122' title='bbox 379 3213 557 3313; x_wconf 85' lang='lat' dir='ltr'>singulari</span> <span class='ocrx_word' id='word_1_123' title='bbox 579 3212 654 3288; x_wconf 93' lang='lat' dir='ltr'>hoc</span> <span class='ocrx_word' id='word_1_124' title='bbox 678 3229 897 3312; x_wconf 89' lang='lat' dir='ltr'>argumento</span> <span class='ocrx_word' id='word_1_125' title='bbox 921 3214 1029 3287; x_wconf 89' lang='lat' dir='ltr'>latius</span> <span class='ocrx_word' id='word_1_126' title='bbox 1060 3208 1255 3312; x_wconf 84' lang='lat' dir='ltr'>exspatiari</span> <span class='ocrx_word' id='word_1_127' title='bbox 1286 3211 1388 3303; x_wconf 91' lang='lat' dir='ltr'>licet,</span> <span class='ocrx_word' id='word_1_128' title='bbox 1419 3235 1495 3285; x_wconf 93' lang='lat' dir='ltr'>non</span> <span class='ocrx_word' id='word_1_129' title='bbox 1528 3215 1566 3283; x_wconf 91' lang='lat' dir='ltr'>in</span> <span class='ocrx_word' id='word_1_130' title='bbox 1593 3237 1638 3285; x_wconf 89' lang='lat' dir='ltr'>eu</span> 
     </span>
     <span class='ocr_line' id='line_1_15' title="bbox 167 3359 1638 3462; baseline -0.001 -27"><span class='ocrx_word' id='word_1_131' title='bbox 167 3362 280 3435; x_wconf 90' lang='lat' dir='ltr'>modo</span> <span class='ocrx_word' id='word_1_132' title='bbox 306 3365 557 3455; x_wconf 89' lang='lat' dir='ltr'>consistemus,</span> <span class='ocrx_word' id='word_1_133' title='bbox 583 3378 623 3436; x_wconf 91' lang='lat' dir='ltr'>ut</span> <span class='ocrx_word' id='word_1_134' title='bbox 646 3364 709 3462; x_wconf 87' lang='lat' dir='ltr'>jus</span> <span class='ocrx_word' id='word_1_135' title='bbox 732 3364 892 3435; x_wconf 88' lang='lat' dir='ltr'>Atticum</span> <span class='ocrx_word' id='word_1_136' title='bbox 917 3386 962 3434; x_wconf 79' lang='lat' dir='ltr'>ex</span> <span class='ocrx_word' id='word_1_137' title='bbox 973 3361 1130 3448; x_wconf 41' lang='lat' dir='ltr'>,Platone</span> <span class='ocrx_word' id='word_1_138' title='bbox 1144 3359 1379 3452; x_wconf 89' lang='lat' dir='ltr'>illustremus,</span> <span class='ocrx_word' id='word_1_139' title='bbox 1403 3360 1472 3434; x_wconf 91' lang='lat' dir='ltr'>sed</span> <span class='ocrx_word' id='word_1_140' title='bbox 1485 3363 1638 3434; x_wconf 90' lang='lat' dir='ltr'>omnino</span> 
     </span>
     <span class='ocr_line' id='line_1_16' title="bbox 166 3509 1636 3613; baseline -0.001 -28"><span class='ocrx_word' id='word_1_141' title='bbox 166 3513 326 3586; x_wconf 91' lang='lat' dir='ltr'>Platonis</span> <span class='ocrx_word' id='word_1_142' title='bbox 351 3511 463 3612; x_wconf 88' lang='lat' dir='ltr'>leges,</span> <span class='ocrx_word' id='word_1_143' title='bbox 489 3514 586 3613; x_wconf 85' lang='lat' dir='ltr'>quac</span> <span class='ocrx_word' id='word_1_144' title='bbox 610 3511 762 3612; x_wconf 82' lang='lat' dir='ltr'>quidem</span> <span class='ocrx_word' id='word_1_145' title='bbox 790 3511 839 3586; x_wconf 91' lang='lat' dir='ltr'>ad</span> <span class='ocrx_word' id='word_1_146' title='bbox 862 3509 1021 3586; x_wconf 86' lang='lat' dir='ltr'>familias</span> <span class='ocrx_word' id='word_1_147' title='bbox 1042 3509 1224 3610; x_wconf 82' lang='lat' dir='ltr'>regendas</span> <span class='ocrx_word' id='word_1_148' title='bbox 1249 3527 1286 3584; x_wconf 90' lang='lat' dir='ltr'>et</span> <span class='ocrx_word' id='word_1_149' title='bbox 1308 3514 1578 3588; x_wconf 89' lang='lat' dir='ltr'>successionem</span> <span class='ocrx_word' id='word_1_150' title='bbox 1598 3514 1636 3584; x_wconf 91' lang='lat' dir='ltr'>in</span> 
     </span>
     <span class='ocr_line' id='line_1_17' title="bbox 167 3659 1635 3764; baseline 0 -28"><span class='ocrx_word' id='word_1_151' title='bbox 167 3664 269 3736; x_wconf 87' lang='lat' dir='ltr'>bona</span> <span class='ocrx_word' id='word_1_152' title='bbox 294 3661 551 3737; x_wconf 87' lang='lat' dir='ltr'>defunctorum</span> <span class='ocrx_word' id='word_1_153' title='bbox 577 3667 772 3763; x_wconf 88' lang='lat' dir='ltr'>pertinent,</span> <span class='ocrx_word' id='word_1_154' title='bbox 798 3665 984 3738; x_wconf 88' lang='lat' dir='ltr'>succincta</span> <span class='ocrx_word' id='word_1_155' title='bbox 1008 3664 1238 3736; x_wconf 88' lang='lat' dir='ltr'>enarratione</span> <span class='ocrx_word' id='word_1_156' title='bbox 1257 3659 1635 3764; x_wconf 87' lang='lat' dir='ltr'>comprehendemus;</span> 
     </span>
     <span class='ocr_line' id='line_1_18' title="bbox 169 3811 1634 3916; baseline 0.002 -31"><span class='ocrx_word' id='word_1_157' title='bbox 169 3811 245 3912; x_wconf 87' lang='lat' dir='ltr'>quo</span> <span class='ocrx_word' id='word_1_158' title='bbox 271 3812 368 3887; x_wconf 86' lang='lat' dir='ltr'>facto</span> <span class='ocrx_word' id='word_1_159' title='bbox 392 3815 501 3888; x_wconf 83' lang='lat' dir='ltr'>etiam</span> <span class='ocrx_word' id='word_1_160' title='bbox 528 3815 799 3890; x_wconf 83' lang='lat' dir='ltr'>similitudines</span> <span class='ocrx_word' id='word_1_161' title='bbox 820 3840 939 3916; x_wconf 88' lang='lat' dir='ltr'>aeque</span> <span class='ocrx_word' id='word_1_162' title='bbox 973 3840 1017 3888; x_wconf 89' lang='lat' dir='ltr'>ac</span> <span class='ocrx_word' id='word_1_163' title='bbox 1050 3814 1279 3904; x_wconf 88' lang='lat' dir='ltr'>discrimina,</span> <span class='ocrx_word' id='word_1_164' title='bbox 1324 3838 1421 3911; x_wconf 84' lang='lat' dir='ltr'>quae</span> <span class='ocrx_word' id='word_1_165' title='bbox 1454 3811 1527 3888; x_wconf 85' lang='lat' dir='ltr'>illis</span> <span class='ocrx_word' id='word_1_166' title='bbox 1551 3838 1634 3888; x_wconf 90' lang='lat' dir='ltr'>cum</span> 
     </span>
    </p>
   </div>
   <div class='ocr_carea' id='block_1_3' title="bbox 167 3940 1635 4172">
    <p class='ocr_par' dir='ltr' id='par_1_3' title="bbox 167 3940 1635 4172">
     <span class='ocr_line' id='line_1_19' title="bbox 167 3940 1635 4066; baseline 0 -31"><span class='ocrx_word' id='word_1_167' title='bbox 167 3940 322 4064; x_wconf 74' lang='lat' dir='ltr'>reliquis</span> <span class='ocrx_word' id='word_1_168' title='bbox 348 3968 478 4042; x_wconf 87' lang='lat' dir='ltr'>veteris</span> <span class='ocrx_word' id='word_1_169' title='bbox 504 3962 682 4042; x_wconf 84' lang='lat' dir='ltr'>Graeciae</span> <span class='ocrx_word' id='word_1_170' title='bbox 707 3971 876 4045; x_wconf 88' lang='lat' dir='ltr'>institutis</span> <span class='ocrx_word' id='word_1_171' title='bbox 901 3965 1148 4062; x_wconf 81' lang='lat' dir='ltr'>intercedunt,</span> <span class='ocrx_word' id='word_1_172' title='bbox 1173 3980 1305 4066; x_wconf 88' lang='lat' dir='ltr'>sponte</span> <span class='ocrx_word' id='word_1_173' title='bbox 1329 3987 1395 4040; x_wconf 84' lang='lat' dir='ltr'>sua</span> <span class='ocrx_word' id='word_1_174' title='bbox 1422 3961 1635 4063; x_wconf 81' lang='lat' dir='ltr'>prodibunt.</span> 
     </span>
     <span class='ocr_line' id='line_1_20' title="bbox 1229 4085 1386 4172; baseline 0 0"><span class='ocrx_word' id='word_1_175' title='bbox 1229 4085 1294 4172; x_wconf 79' lang='lat' dir='ltr'>a*</span> <span class='ocrx_word' id='word_1_176' title='bbox 1383 4112 1386 4118; x_wconf 83' lang='lat'><em>·</em></span> 
     </span>
    </p>
   </div>
   <div class='ocr_carea' id='block_1_4' title="bbox 0 0 1794 4350">
    <p class='ocr_par' dir='ltr' id='par_1_4' title="bbox 0 0 1794 4350">
     <span class='ocr_line' id='line_1_21' title="bbox 0 0 1794 4350; baseline 0 4"><span class='ocrx_word' id='word_1_177' title='bbox 0 0 1794 4350; x_wconf 95' lang='lat' dir='ltr'> </span> 
     </span>
    </p>
   </div>
  </div>
 </body>
</html>
